<?xml version="1.0" encoding="UTF-8"?><collection xmlns="http://www.loc.gov/MARC21/slim"><record><leader>00470nam--2200133-i-4500</leader><controlfield tag="001">000042784</controlfield><controlfield tag="002">20161230</controlfield><controlfield tag="005">20161230201043</controlfield><controlfield tag="008">060222s1000------------r-----000-0-eng-d</controlfield><datafield ind1=" " ind2=" " tag="080"><subfield code="a">530.145.6(043)</subfield></datafield><datafield ind1=" " ind2=" " tag="100"><subfield code="a">Stefanescu,Eliade N</subfield></datafield><datafield ind1=" " ind2=" " tag="245"><subfield code="a">Obtinerea de noi ecuatii optice pentru interactia unui atom cu doua nivele cu un singur nod al cimpului electromagnetic pe baza teoriei cuantice a sistemelor deschise. teza</subfield></datafield><datafield ind1=" " ind2=" " tag="260"><subfield code="a">Bucuresti, Ifa, 1990. 45 P</subfield></datafield><datafield ind1=" " ind2=" " tag="852"><subfield code="a">79412</subfield></datafield></record></collection>